@misc{delayAndCancellationRate,
    author = {国土交通省},
    title = {特定本邦航空運送事業者に関する航空輸送サービスに係る情報公開（令和5年1月〜令和5年3月）のポイント},
    howpublished = {\url{https://www.mlit.go.jp/common/001621386.pdf}},
    year = {2023},
    note = {(2023/08/03 アクセス)}
}

@misc{weatherStation,
    author = {気象庁},
    title = {地域気象観測所一覧},
    howpublished = {\url{https://www.jma.go.jp/jma/kishou/know/amedas/ame_master.pdf}},
    year = {2023},
    note = {(2023/08/03 アクセス)}
}

@misc{weatherData,
    author = {気象庁},
    title = {過去の気象データ検索},
    howpublished = {\url{https://www.data.jma.go.jp/stats/etrn/index.php}},
    note = {(2023/08/03 アクセス)}
}

@misc{jalDelayData,
    author = {日本航空},
    title = {欠航・遅延便検索},
    howpublished = {\url{https://fltinfo.5971.jal.co.jp/rsv/IrregularFlightList.do}},
    note = {(2023/08/03 アクセス)}
}

@misc{awsG4dn,
    author = {Amazon Web Services},
    title = {Amazon EC2 G4 Instances},
    howpublished = {\url{https://aws.amazon.com/ec2/instance-types/g4/}},
    note = {(2023/08/03 アクセス)}
}

@misc{delayReason,
    author = {飛行機旅行研究所},
    title = {飛行機の欠航基準と理由},
    howpublished = {\url{https://air.tabiris.com/cancellation.html}},
    note = {(2023/08/03 アクセス)}
}